%% This BibTeX bibliography file was created using BibDesk.
%% http://bibdesk.sourceforge.net/


%% Created for Jan at 2014-03-31 05:04:26 +0200 


%% Saved with string encoding Unicode (UTF-8) 



@mastersthesis{herrmann2010,
	Author = {Herrmann, Lena},
	Date-Added = {2014-03-30 10:56:43 +0000},
	Date-Modified = {2014-03-30 10:57:36 +0000},
	School = {Beuth Hochschule f{\"u}r Technik Berlin},
	Title = {Implementation of a distributedapplication using thedocument-oriented database CouchDB},
	Year = {2010}}

@webpage{ITU2013,
	Author = {ITU},
	Date-Added = {2014-03-30 10:39:58 +0000},
	Date-Modified = {2014-03-31 03:02:24 +0000},
	Note = {last checked on 27/03/2014},
	Title = {International Telecommunications Union - Internet users per 100 inhabitants 2005-2013},
	Url = {http://www.itu.int/en/ITU-D/Statistics/Documents/statistics/2013/ITU_Key_2005-2013_ICT_data.xls},
	Year = {2013}}

@book{cantelon2013node,
	Author = {Cantelon, M. and Holowaychuk, T.J. and Rajlich, N.},
	Date-Added = {2014-03-27 22:48:50 +0000},
	Date-Modified = {2014-03-27 22:49:08 +0000},
	Publisher = {Manning Publications Company},
	Title = {Node. Js in Action},
	Year = {2013},
	Bdsk-Url-1 = {http://books.google.de/books?id=JV6rpwAACAAJ}}

@webpage{bbc2009synthbritannia,
	Author = {BBC},
	Date-Added = {2014-03-27 15:01:41 +0000},
	Date-Modified = {2014-03-31 03:01:18 +0000},
	Lastchecked = {23.03.2014},
	Note = {last checked on 23/03/2014},
	Title = {Synth Britannia},
	Url = {http://www.bbc.co.uk/programmes/b00n93c6},
	Year = {2009}}

@book{pinch2004analog,
	Author = {Pinch, T.J. and Trocco, F.},
	Date-Added = {2014-03-27 12:54:40 +0000},
	Date-Modified = {2014-03-27 12:54:58 +0000},
	Publisher = {Harvard University Press},
	Title = {ANALOG DAYS},
	Year = {2004},
	Bdsk-Url-1 = {http://books.google.de/books?id=3hjvWzkMK-sC}}

@incollection{ferrie2004concurrentundo,
	Author = {Ferri{\'e}, Jean and Vidot, Nicolas and Cart, Michelle},
	Booktitle = {On the Move to Meaningful Internet Systems 2004: CoopIS, DOA, and ODBASE},
	Date-Added = {2014-03-22 16:29:23 +0000},
	Date-Modified = {2014-03-22 16:29:51 +0000},
	Doi = {10.1007/978-3-540-30468-5_12},
	Editor = {Meersman, Robert and Tari, Zahir},
	Keywords = {Distributed collaborative systems; copies consistency; operational transformations; concurrent undo},
	Pages = {155-173},
	Publisher = {Springer Berlin Heidelberg},
	Series = {Lecture Notes in Computer Science},
	Title = {Concurrent Undo Operations in Collaborative Environments Using Operational Transformation},
	Url = {http://dx.doi.org/10.1007/978-3-540-30468-5_12},
	Volume = {3290},
	Year = {2004},
	Bdsk-Url-1 = {http://dx.doi.org/10.1007/978-3-540-30468-5_12}}

@book{lerner2013ngbook,
	Author = {Ari Lerner},
	Date-Added = {2014-03-21 17:04:00 +0000},
	Date-Modified = {2014-03-21 17:04:16 +0000},
	Publisher = {Fullstack io},
	Title = {ng-book - The Complete Book on AngularJS},
	Year = {2013}}

@webpage{riffle2011fourier,
	Author = {Riffle, Stuart},
	Date-Added = {2014-03-21 14:09:47 +0000},
	Date-Modified = {2014-03-31 03:03:08 +0000},
	Lastchecked = {20.03.2014},
	Note = {last checked on 20/03/2014},
	Title = {Understanding the Fourier transform},
	Url = {http://www.altdevblogaday.com/2011/05/17/understanding-the-fourier-transform/},
	Year = {2011},
	Bdsk-Url-1 = {http://www.altdevblogaday.com/2011/05/17/understanding-the-fourier-transform/}}

@book{park2009introductionto,
	Address = {River Edge, NJ, USA},
	Author = {Park, Tae Hong},
	Date-Added = {2014-03-19 13:35:14 +0000},
	Date-Modified = {2014-03-19 13:35:39 +0000},
	Publisher = {World Scientific Publishing Co., Inc.},
	Title = {Introduction To Digital Signal Processing: Computer Musically Speaking},
	Year = {2009}}

@webpage{bidelman2010dnd,
	Author = {Bidelman, Eric},
	Date-Added = {2014-03-18 16:58:03 +0000},
	Date-Modified = {2014-03-31 03:01:25 +0000},
	Lastchecked = {23.03.2014},
	Note = {last checked on 23/03/2014},
	Title = {Native HTML5 Drag and Drop},
	Url = {http://www.html5rocks.com/en/tutorials/dnd/basics/},
	Year = {2010},
	Bdsk-Url-1 = {http://www.html5rocks.com/en/tutorials/dnd/basics/}}

@book{anderson2010couchdb,
	Author = {Anderson, J. Chris and Lehnardt, Jan and Slater, Noah},
	Date-Added = {2014-03-16 14:22:37 +0000},
	Date-Modified = {2014-03-28 00:00:30 +0000},
	Edition = {1st},
	Isbn = {0596155891, 9780596155896},
	Publisher = {O'Reilly Media, Inc.},
	Title = {CouchDB: The Definitive Guide Time to Relax},
	Url = {http://guide.couchdb.org},
	Year = {2010}}

@book{smus2013webaudio,
	Author = {Smus, Boris},
	Date-Added = {2014-02-28 18:07:32 +0000},
	Date-Modified = {2014-02-28 18:08:29 +0000},
	Publisher = {O'Reilly Media, Incorporated},
	Title = {Web Audio API},
	Url = {http://chimera.labs.oreilly.com/books/1234000001552/index.html},
	Year = {2013},
	Bdsk-Url-1 = {http://chimera.labs.oreilly.com/books/1234000001552/index.html}}

@webpage{kirn2010soundsynth,
	Author = {Kirn, Peter},
	Date-Added = {2014-02-28 14:26:59 +0000},
	Date-Modified = {2014-03-31 03:02:36 +0000},
	Note = {last checked on 12/03/2014},
	Title = {Real Sound Synthesis, Now in the Browser; Possible New Standard?},
	Url = {http://createdigitalmusic.com/2010/05/real-sound-synthesis-now-an-open-standard-in-the-browser/},
	Year = {2010},
	Bdsk-Url-1 = {http://createdigitalmusic.com/2010/05/real-sound-synthesis-now-an-open-standard-in-the-browser/}}

@webpage{humphrey2013audiodata,
	Author = {Humphrey, David and Brook, Corban and MacDonald, Al and Delendik, Yury and Marxer, Ricard and Cliffe, Charles},
	Date-Added = {2014-02-28 14:22:03 +0000},
	Date-Modified = {2014-03-31 03:02:05 +0000},
	Lastchecked = {21.02.2014},
	Note = {last checked on 21/02/2014},
	Title = {Audio Data API},
	Url = {https://wiki.mozilla.org/Audio_Data_API},
	Year = {2013},
	Bdsk-Url-1 = {https://wiki.mozilla.org/Audio_Data_API}}

@webpage{delgado2010quickguideaudio,
	Author = {Delgado, Ernest},
	Date-Added = {2014-02-27 16:23:36 +0000},
	Date-Modified = {2014-03-31 03:01:38 +0000},
	Note = {last checked on 15/02/2014},
	Title = {Quick Guide to Implementing the HTML5 Audio Tag},
	Url = {http://www.html5rocks.com/en/tutorials/audio/quick},
	Year = {2010},
	Bdsk-Url-1 = {http://www.html5rocks.com/en/tutorials/audio/quick}}

@webpage{arah200999percent,
	Author = {Arah, Tom},
	Date-Added = {2014-02-27 15:22:09 +0000},
	Date-Modified = {2014-03-31 03:01:12 +0000},
	Note = {last checked on 12/03/2014},
	Title = {99\% Flash Player Penetration Too Good to be True?},
	Url = {http://www.pcpro.co.uk/blogs/2009/02/20/99-percent-flash-player-penetration/},
	Year = {2009},
	Bdsk-Url-1 = {http://www.pcpro.co.uk/blogs/2009/02/20/99-percent-flash-player-penetration/}}

@inproceedings{roberts2013web,
	Author = {Roberts, Charles and Wakefield, Graham and Wright, Matthew},
	Booktitle = {Proceedings of the International Conference on New Interfaces for Musical Expression},
	Date-Added = {2014-02-27 13:36:39 +0000},
	Date-Modified = {2014-02-27 13:36:39 +0000},
	Pages = {313--318},
	Title = {The Web Browser As Synthesizer And Interface},
	Year = {2013}}

@article{roberts2012gibber,
	Author = {Roberts, Charlie and Kuchera-Morin, J},
	Date-Added = {2014-02-27 13:35:33 +0000},
	Date-Modified = {2014-02-27 13:35:47 +0000},
	Title = {Gibber: Live coding audio in the browser},
	Year = {2012}}

@webpage{w32014html5,
	Author = {W3C},
	Date-Added = {2014-02-27 13:12:52 +0000},
	Date-Modified = {2014-03-31 03:03:50 +0000},
	Note = {last checked on 21/01/2014},
	Title = {HTML5 Specification},
	Url = {http://www.w3.org/TR/html5},
	Year = {2014},
	Bdsk-Url-1 = {http://www.w3.org/TR/html5}}

@webpage{msdn2014bgsound,
	Author = {MSDN},
	Date-Added = {2014-02-27 12:36:14 +0000},
	Date-Modified = {2014-03-31 03:02:45 +0000},
	Note = {last checked on 15/02/2014},
	Title = {bgsound},
	Url = {http://msdn.microsoft.com/en-us/library/ie/ms535198(v=vs.85).aspx},
	Year = {2014},
	Bdsk-Url-1 = {http://msdn.microsoft.com/en-us/library/ie/ms535198(v=vs.85).aspx}}

@webpage{ubl2010websockets,
	Author = {Ubl, Malte and Kitamura, Eiji},
	Date-Added = {2014-02-24 17:50:56 +0000},
	Date-Modified = {2014-03-31 03:03:30 +0000},
	Lastchecked = {20.02.2014},
	Note = {last checked on 20/02/2014},
	Title = {Introducing WebSockets: Bringing Sockets to the Web},
	Url = {http://www.html5rocks.com/en/tutorials/websockets/basics/},
	Year = {2010},
	Bdsk-Url-1 = {http://www.html5rocks.com/en/tutorials/websockets/basics/}}

@article{wyse2013viability,
	Annote = {doi: 10.1162/COMJ{\_}a{\_}00213},
	Author = {Wyse, Lonce and Subramanian, Srikumar},
	Booktitle = {Computer Music Journal},
	Da = {2013/12/01},
	Date = {2013/12/01},
	Date-Added = {2014-02-18 17:48:24 +0000},
	Date-Modified = {2014-02-18 17:48:24 +0000},
	Doi = {10.1162/COMJ{\_}a{\_}00213},
	Isbn = {0148-9267},
	Journal = {Computer Music Journal},
	Journal1 = {Computer Music Journal},
	M3 = {doi: 10.1162/COMJ{\_}a{\_}00213},
	Month = {2014/02/18},
	Number = {4},
	Pages = {10--23},
	Publisher = {MIT Press},
	Title = {The Viability of the Web Browser as a Computer Music Platform},
	Ty = {JOUR},
	Url = {http://dx.doi.org/10.1162/COMJ_a_00213},
	Volume = {37},
	Year = {2013},
	Year1 = {2013},
	Bdsk-Url-1 = {http://dx.doi.org/10.1162/COMJ_a_00213},
	Bdsk-Url-2 = {http://dx.doi.org/10.1162/COMJ%7B%5C_%7Da%7B%5C_%7D00213}}

@article{choi2013waax,
	Author = {Choi, Hongchan and Berger, Jonathan},
	Date-Added = {2014-02-18 17:44:43 +0000},
	Date-Modified = {2014-02-18 17:45:16 +0000},
	Title = {WAAX: Web Audio API eXtension},
	Year = {2013}}

@webpage{bidelman2010sse,
	Author = {Bidelman, Eric},
	Date-Added = {2014-02-18 13:23:58 +0000},
	Date-Modified = {2014-03-31 03:01:32 +0000},
	Lastchecked = {15.02.2014},
	Note = {last checked on 15/02/2014},
	Title = {Stream Updates with Server-Sent Events},
	Url = {http://www.html5rocks.com/en/tutorials/eventsource/basics/},
	Year = {2010},
	Bdsk-Url-1 = {http://www.html5rocks.com/en/tutorials/eventsource/basics/}}

@webpage{hickson2012,
	Author = {Hickson, Ian},
	Date-Added = {2014-02-18 13:20:23 +0000},
	Date-Modified = {2014-03-31 03:01:56 +0000},
	Lastchecked = {16.02.2014},
	Note = {last checked on 16/02/2014},
	Title = {Server-Sent Events},
	Url = {http://www.w3.org/TR/eventsource/},
	Year = {2012},
	Bdsk-Url-1 = {http://www.w3.org/TR/eventsource/}}

@url{wanstrath2009pollinginterval,
	Author = {Chris Wanstrath},
	Date-Added = {2014-02-14 16:52:36 +0000},
	Date-Modified = {2014-03-31 02:39:41 +0000},
	Lastchecked = {02.10.2014},
	Note = {last checked on 02/10/2014},
	Title = {Smart JS Polling},
	Url = {https://github.com/blog/467-smart-js-polling},
	Urldate = {02.10.2014},
	Year = {2009},
	Bdsk-Url-1 = {https://github.com/blog/467-smart-js-polling}}

@book{johnston2012webrtc,
	Author = {Johnston, A.B. and Burnett, D.C.},
	Date-Added = {2014-02-14 14:07:44 +0000},
	Date-Modified = {2014-02-14 14:07:44 +0000},
	Isbn = {9780985978808},
	Publisher = {CreateSpace},
	Title = {Webrtc: APIs and Rtcweb Protocols of the Html5 Real-Time Web},
	Url = {http://books.google.de/books?id=O2yqMQEACAAJ},
	Year = {2012},
	Bdsk-Url-1 = {http://books.google.de/books?id=O2yqMQEACAAJ}}

@book{grigorik2013high,
	Author = {Grigorik, Ilya},
	Date-Added = {2014-02-14 14:01:54 +0000},
	Date-Modified = {2014-02-14 14:02:14 +0000},
	Isbn = {9781449344764},
	Publisher = {O'Reilly Media, Incorporated},
	Title = {High Performance Browser Networking},
	Year = {2013},
	Bdsk-Url-1 = {http://books.google.de/books?id=X%5C_SsMQEACAAJ}}

@inproceedings{adya2011notification,
	Acmid = {2043570},
	Address = {New York, NY, USA},
	Author = {Adya, Atul and Cooper, Gregory and Myers, Daniel and Piatek, Michael},
	Booktitle = {Proceedings of the Twenty-Third ACM Symposium on Operating Systems Principles},
	Date-Added = {2014-02-14 13:56:47 +0000},
	Date-Modified = {2014-02-14 13:57:15 +0000},
	Doi = {10.1145/2043556.2043570},
	Isbn = {978-1-4503-0977-6},
	Keywords = {distributed systems, scalability},
	Location = {Cascais, Portugal},
	Numpages = {14},
	Pages = {129--142},
	Publisher = {ACM},
	Series = {SOSP '11},
	Title = {Thialfi: A Client Notification Service for Internet-scale Applications},
	Url = {http://doi.acm.org/10.1145/2043556.2043570},
	Year = {2011},
	Bdsk-Url-1 = {http://doi.acm.org/10.1145/2043556.2043570},
	Bdsk-Url-2 = {http://dx.doi.org/10.1145/2043556.2043570}}

@book{wang2013websockets,
	Address = {Berkely, CA, USA},
	Author = {Wang, Vanessa and Salim, Frank and Moskovits, Peter},
	Date-Added = {2014-02-14 13:39:08 +0000},
	Date-Modified = {2014-02-14 13:39:22 +0000},
	Edition = {1st},
	Isbn = {1430247401, 9781430247401},
	Publisher = {Apress},
	Title = {The Definitive Guide to HTML5 WebSocket},
	Year = {2013}}

@webpage{gentle2011sharejs,
	Author = {Joseph Gentle},
	Date-Modified = {2014-03-31 03:01:50 +0000},
	Note = {last checked on 12/03/2014},
	Title = {ShareJS},
	Url = {http://sharejs.org/},
	Year = {2011},
	Bdsk-Url-1 = {http://sharejs.org/}}

@webpage{wang2010wave,
	Author = {Wang, David and Mah, Alex and Lassen, Soren},
	Date-Modified = {2014-03-31 03:04:26 +0000},
	Note = {last checked on 21/01/2014},
	Title = {Google Wave Operational Transformation},
	Url = {http://www.waveprotocol.org/whitepapers/operational-transform},
	Year = {2010},
	Bdsk-Url-1 = {http://www.waveprotocol.org/whitepapers/operational-transform}}

@webpage{whitelaw2009ot,
	Author = {Whitelaw, Casey and Dan, Danilatos and Mah, Alex and Wang, David},
	Date-Added = {2014-02-11 17:16:35 +0000},
	Date-Modified = {2014-03-31 03:04:06 +0000},
	Note = {last checked on 23/01/2014},
	Title = {Google Wave: Under the hood},
	Url = {http://www.youtube.com/watch?v=uOFzWZrsPV0},
	Year = {2009},
	Bdsk-Url-1 = {http://www.youtube.com/watch?v=uOFzWZrsPV0}}

@article{cormack1995counterexample,
	Author = {Cormack, Gordon V},
	Date-Added = {2014-02-11 16:14:42 +0000},
	Date-Modified = {2014-02-11 16:15:50 +0000},
	Journal = {University of Waterloo Technical Report CS-95-08},
	Title = {A counterexample to the distributed operational transform and a corrected algorithm for point-to-point communication},
	Year = {1995}}

@inproceedings{lautamaki2012cored,
	Author = {Lautam{\"a}ki, Janne and Nieminen, Antti and Koskinen, Johannes and Aho, Timo and Mikkonen, Tommi and Englund, Marc},
	Booktitle = {Proceedings of the ACM 2012 conference on Computer Supported Cooperative Work},
	Date-Added = {2014-02-11 14:48:20 +0000},
	Date-Modified = {2014-02-11 14:48:20 +0000},
	Organization = {ACM},
	Pages = {1307--1316},
	Title = {CoRED: browser-based Collaborative Real-time Editor for Java web applications},
	Year = {2012}}

@inproceedings{nichols95jupiter,
	Acmid = {215706},
	Address = {New York, NY, USA},
	Author = {Nichols, David A. and Curtis, Pavel and Dixon, Michael and Lamping, John},
	Booktitle = {Proceedings of the 8th Annual ACM Symposium on User Interface and Software Technology},
	Date-Added = {2014-02-11 13:01:00 +0000},
	Date-Modified = {2014-02-11 13:01:17 +0000},
	Doi = {10.1145/215585.215706},
	Isbn = {0-89791-709-X},
	Keywords = {CSCW, UIMS, groupware toolkits, optimistic currency control, window toolkits},
	Location = {Pittsburgh, Pennsylvania, USA},
	Numpages = {10},
	Pages = {111--120},
	Publisher = {ACM},
	Series = {UIST '95},
	Title = {High-latency, Low-bandwidth Windowing in the Jupiter Collaboration System},
	Url = {http://doi.acm.org/10.1145/215585.215706},
	Year = {1995},
	Bdsk-Url-1 = {http://doi.acm.org/10.1145/215585.215706},
	Bdsk-Url-2 = {http://dx.doi.org/10.1145/215585.215706}}

@inproceedings{heinrich2012exploitingshared,
	Added-At = {2012-04-19T00:00:00.000+0200},
	Author = {Heinrich, Matthias and Lehmann, Franz and Springer, Thomas and Gaedke, Martin},
	Biburl = {http://www.bibsonomy.org/bibtex/2a84a487aeeb393ac3740e588b33ce7ef/dblp},
	Booktitle = {WWW},
	Crossref = {conf/www/2012},
	Date-Added = {2014-02-10 17:22:10 +0000},
	Date-Modified = {2014-02-10 17:22:29 +0000},
	Editor = {Mille, Alain and Gandon, Fabien L. and Misselis, Jacques and Rabinovich, Michael and Staab, Steffen},
	Ee = {http://doi.acm.org/10.1145/2187836.2187978},
	Interhash = {a5767fff0aa7c1abda3b2cfdfdee11f6},
	Intrahash = {a84a487aeeb393ac3740e588b33ce7ef},
	Isbn = {978-1-4503-1229-5},
	Keywords = {dblp},
	Pages = {1057-1066},
	Publisher = {ACM},
	Timestamp = {2012-04-19T00:00:00.000+0200},
	Title = {Exploiting single-user web applications for shared editing: a generic transformation approach.},
	Url = {http://dblp.uni-trier.de/db/conf/www/www2012.html#HeinrichLSG12},
	Year = 2012,
	Bdsk-Url-1 = {http://dblp.uni-trier.de/db/conf/www/www2012.html#HeinrichLSG12}}

@inproceedings{koren2013sharedediting,
	Author = {Koren, I. and Guth, A. and Klamma, R.},
	Booktitle = {Collaborative Computing: Networking, Applications and Worksharing (Collaboratecom), 2013 9th International Conference Conference on},
	Date-Added = {2014-02-09 14:37:54 +0000},
	Date-Modified = {2014-02-09 14:38:12 +0000},
	Keywords = {cloud computing;groupware;online front-ends;pattern classification;software libraries;Web applications;Web editing;Web standards;apps;architectural designs;awareness widgets;browser-specific requirements;classification;cloud-based solutions;collaborative features;consistency algorithms;developer support libraries;digital products;open source solutions;ready-made libraries;shared editing frameworks;usability issues;workspace awareness;Browsers;Collaboration;Google;Peer-to-peer computing;Protocols;Servers;User interfaces;CSCW;Realtime Collaboration;Shared Editing;Web Applications;Widgets;XMPP},
	Month = {Oct},
	Pages = {468-477},
	Title = {Shared editing on the web: A classification of developer support libraries},
	Year = {2013}}

@article{saito2005optimistic,
	Acmid = {1057980},
	Address = {New York, NY, USA},
	Author = {Saito, Yasushi and Shapiro, Marc},
	Date-Added = {2014-02-09 13:45:47 +0000},
	Date-Modified = {2014-02-09 13:46:02 +0000},
	Doi = {10.1145/1057977.1057980},
	Issn = {0360-0300},
	Issue_Date = {March 2005},
	Journal = {ACM Comput. Surv.},
	Keywords = {Replication, disconnected operation, distributed systems, large scale systems, optimistic techniques},
	Month = mar,
	Number = {1},
	Numpages = {40},
	Pages = {42--81},
	Publisher = {ACM},
	Title = {Optimistic Replication},
	Url = {http://doi.acm.org/10.1145/1057977.1057980},
	Volume = {37},
	Year = {2005},
	Bdsk-Url-1 = {http://doi.acm.org/10.1145/1057977.1057980},
	Bdsk-Url-2 = {http://dx.doi.org/10.1145/1057977.1057980}}

@webpage{fraser2009video,
	Author = {Neil Fraser},
	Date-Added = {2014-02-09 13:11:49 +0000},
	Date-Modified = {2014-03-31 03:01:44 +0000},
	Lastchecked = {05.02.2014},
	Note = {last checked on 05/02/2014},
	Title = {GoogleTechTalks - Differential Synchronization},
	Url = {http://www.youtube.com/watch?v=S2Hp_1jqpY8},
	Year = {2009},
	Bdsk-Url-1 = {http://www.youtube.com/watch?v=S2Hp_1jqpY8}}

@book{scott2009pro,
	Author = {Scott Chacon},
	Date-Added = {2014-02-08 12:35:19 +0000},
	Date-Modified = {2014-02-08 12:35:39 +0000},
	Isbn = {9781430218333},
	Lccn = {2011377370},
	Publisher = {Apress},
	Series = {Books for professionals by professionals},
	Title = {Pro Git},
	Url = {https://github.s3.amazonaws.com/media/progit.en.pdf},
	Year = {2009},
	Bdsk-Url-1 = {http://books.google.de/books?id=qJsXefpx1AUC},
	Bdsk-Url-2 = {https://github.s3.amazonaws.com/media/progit.en.pdf}}

@inproceedings{minor1993semiasynchronous,
	Acmid = {1241949},
	Address = {Norwell, MA, USA},
	Author = {Min\"{o}r, Sten and Magnusson, Boris},
	Booktitle = {Proceedings of the Third Conference on European Conference on Computer-Supported Cooperative Work},
	Date-Added = {2014-02-08 12:17:52 +0000},
	Date-Modified = {2014-02-08 12:18:19 +0000},
	Isbn = {0-7923-2447-1},
	Location = {Milan, Italy},
	Numpages = {13},
	Pages = {219--231},
	Publisher = {Kluwer Academic Publishers},
	Series = {ECSCW'93},
	Title = {A Model for Semi-(a)Synchronous Collaborative Editing},
	Url = {http://dl.acm.org/citation.cfm?id=1241934.1241949},
	Year = {1993},
	Bdsk-Url-1 = {http://dl.acm.org/citation.cfm?id=1241934.1241949}}

@mastersthesis{lindholm2001athreeway,
	Author = {Tancred Lindholm},
	Date-Added = {2014-02-08 11:58:26 +0000},
	Date-Modified = {2014-02-08 11:59:20 +0000},
	School = {Helsinki University of Technology},
	Title = {A 3-way Merging Algorithm for Synchronizing Ordered Trees - the 3DM merging and differencing tool for XML},
	Year = {2001}}

@article{mens2002softwaremerging,
	Acmid = {567178},
	Address = {Piscataway, NJ, USA},
	Author = {Mens, T.},
	Date-Added = {2014-02-07 23:57:43 +0000},
	Date-Modified = {2014-02-07 23:58:08 +0000},
	Doi = {10.1109/TSE.2002.1000449},
	Issn = {0098-5589},
	Issue_Date = {May 2002},
	Journal = {IEEE Trans. Softw. Eng.},
	Keywords = {software merging, large-scale software development, merge conflicts, conflict detection, conflict resolution},
	Month = may,
	Number = {5},
	Numpages = {14},
	Pages = {449--462},
	Publisher = {IEEE Press},
	Title = {A State-of-the-Art Survey on Software Merging},
	Url = {http://dx.doi.org/10.1109/TSE.2002.1000449},
	Volume = {28},
	Year = {2002},
	Bdsk-Url-1 = {http://dx.doi.org/10.1109/TSE.2002.1000449}}

@article{sun2002locking,
	Author = {Chengzheng Sun},
	Date-Added = {2014-02-07 18:09:18 +0000},
	Date-Modified = {2014-02-07 18:09:28 +0000},
	Doi = {10.1109/TPDS.2002.1036072},
	Issn = {1045-9219},
	Journal = {Parallel and Distributed Systems, IEEE Transactions on},
	Keywords = {Internet;distributed processing;groupware;protocols;Internet;collaborative editors;consistency maintenance;data updating;distributed computing;distributed systems;fine-grain locking scheme;operational transformation;optional locking;protocols;responsiveness;Collaboration;Collaborative work;Database systems;Delay;Distributed computing;Internet;Protocols;Real time systems;Sun;Usability},
	Month = {Sep},
	Number = {9},
	Pages = {994-1008},
	Title = {Optional and responsive fine-grain locking in Internet-based collaborative systems},
	Volume = {13},
	Year = {2002},
	Bdsk-Url-1 = {http://dx.doi.org/10.1109/TPDS.2002.1036072}}

@article{fidge1988timestamps,
	Added-At = {2012-01-14T13:04:26.000+0100},
	Author = {Fidge, C. J.},
	Biburl = {http://www.bibsonomy.org/bibtex/2cc829c490de6ff6203758943b4d3ca84/nosebrain},
	Date-Added = {2014-02-07 16:54:35 +0000},
	Date-Modified = {2014-02-07 22:37:24 +0000},
	Description = {Timestamps in message-passing systems that preserve the partial ordering | Mendeley},
	Interhash = {27bbdd2f31ec6e29b97770b3e017cddc},
	Intrahash = {cc829c490de6ff6203758943b4d3ca84},
	Journal = {Proceedings of the 11th Australian Computer Science Conference},
	Keywords = {clock vector},
	Number = 1,
	Pages = {56--66},
	Timestamp = {2012-01-14T13:04:26.000+0100},
	Title = {Timestamps in message-passing systems that preserve the partial ordering},
	Volume = 10,
	Year = 1988,
	Bdsk-Url-1 = {http://sky.scitech.qut.edu.au/~fidgec/Publications/fidge88a.pdf}}

@inproceedings{fraser2009differential,
	Acmid = {1600198},
	Address = {New York, NY, USA},
	Author = {Fraser, Neil},
	Booktitle = {Proceedings of the 9th ACM Symposium on Document Engineering},
	Date-Added = {2014-01-30 15:18:22 +0000},
	Date-Modified = {2014-01-30 15:18:34 +0000},
	Doi = {10.1145/1600193.1600198},
	Isbn = {978-1-60558-575-8},
	Keywords = {collaboration, synchronization},
	Location = {Munich, Germany},
	Numpages = {8},
	Pages = {13--20},
	Publisher = {ACM},
	Series = {DocEng '09},
	Title = {Differential Synchronization},
	Url = {http://doi.acm.org/10.1145/1600193.1600198},
	Year = {2009},
	Bdsk-Url-1 = {http://doi.acm.org/10.1145/1600193.1600198},
	Bdsk-Url-2 = {http://dx.doi.org/10.1145/1600193.1600198}}

@article{sun1998achieving,
	Acmid = {274447},
	Address = {New York, NY, USA},
	Author = {Sun, Chengzheng and Jia, Xiaohua and Zhang, Yanchun and Yang, Yun and Chen, David},
	Date-Added = {2014-01-30 15:09:21 +0000},
	Date-Modified = {2014-01-30 15:09:37 +0000},
	Doi = {10.1145/274444.274447},
	Issn = {1073-0516},
	Issue_Date = {March 1998},
	Journal = {ACM Trans. Comput.-Hum. Interact.},
	Keywords = {REDUCE, causality preservation, computer-supported cooperative work, consistency maintenance, convergence, cooperative editing, groupware systems, intention preservation, operational transformation},
	Month = mar,
	Number = {1},
	Numpages = {46},
	Pages = {63--108},
	Publisher = {ACM},
	Title = {Achieving Convergence, Causality Preservation, and Intention Preservation in Real-time Cooperative Editing Systems},
	Url = {http://doi.acm.org/10.1145/274444.274447},
	Volume = {5},
	Year = {1998},
	Bdsk-Url-1 = {http://doi.acm.org/10.1145/274444.274447},
	Bdsk-Url-2 = {http://dx.doi.org/10.1145/274444.274447}}

@url{wilson2014webaudiospec,
	Author = {Adenot, Paul and Wilson, Chris and Rogers, Chris},
	Date-Added = {2014-01-24 12:09:23 +0000},
	Date-Modified = {2014-03-31 02:40:46 +0000},
	Keywords = {webaudio},
	Lastchecked = {24.01.2014},
	Note = {last checked on 24/01/2014},
	Title = {Web Audio API},
	Url = {http://webaudio.github.io/web-audio-api},
	Urldate = {01.24.2014},
	Year = {2014},
	Bdsk-Url-1 = {http://webaudio.github.io/web-audio-api}}

@book{pilhofer2011music,
	Author = {Pilhofer, M. and Day, H.},
	Date-Added = {2014-01-23 17:53:03 +0000},
	Date-Modified = {2014-02-07 22:37:38 +0000},
	Isbn = {9781118054444},
	Publisher = {Wiley},
	Title = {Music Theory For Dummies},
	Year = {2011},
	Bdsk-Url-1 = {http://books.google.de/books?id=iYgSJSxWW2sC}}

@book{curtis1996computer,
	Author = {Curtis Roads},
	Date-Added = {2014-01-23 15:59:52 +0000},
	Date-Modified = {2014-02-07 22:38:15 +0000},
	Isbn = {9780262680820},
	Lccn = {gb96035876},
	Publisher = {MIT Press},
	Title = {The Computer Music Tutorial},
	Year = {1996},
	Bdsk-Url-1 = {http://books.google.de/books?id=nZ-TetwzVcIC}}

@book{dodge1997computermusic,
	Address = {New York},
	Author = {Charles Dodge},
	Date-Added = {2014-01-22 21:11:43 +0000},
	Date-Modified = {2014-01-22 21:12:12 +0000},
	Edition = {2. ed.},
	Publisher = {New York : Schirmer},
	Title = {Computer music : synthesis, composition, and performance},
	Year = {1997}}

@article{ellis89groupware,
	Acmid = {66963},
	Address = {New York, NY, USA},
	Author = {Ellis, C. A. and Gibbs, S. J.},
	Date-Added = {2014-01-20 10:19:41 +0000},
	Date-Modified = {2014-02-11 13:29:26 +0000},
	Doi = {10.1145/66926.66963},
	Issn = {0163-5808},
	Issue_Date = {June 1989},
	Journal = {SIGMOD Rec.},
	Keywords = {collaboration},
	Month = jun,
	Number = {2},
	Numpages = {9},
	Pages = {399--407},
	Publisher = {ACM},
	Title = {Concurrency Control in Groupware Systems},
	Url = {http://doi.acm.org/10.1145/66926.66963},
	Volume = {18},
	Year = {1989},
	Bdsk-Url-1 = {http://doi.acm.org/10.1145/66926.66963},
	Bdsk-Url-2 = {http://dx.doi.org/10.1145/66926.66963}}

@phdthesis{instantSyncThesis,
	Author = {Linner, David},
	Date-Added = {2014-01-20 10:17:00 +0000},
	Date-Modified = {2014-01-20 10:20:12 +0000},
	Keywords = {ot, operational transformation, collaboration},
	School = {TU Berlin},
	Title = {Instant Synchronization of States in Web Hypertext Applications},
	Year = {2012}}

@book{cannFrequencyModulation,
	Author = {Simon Cann},
	Date-Added = {2014-01-09 14:20:13 +0000},
	Date-Modified = {2014-01-09 14:20:55 +0000},
	Edition = {1},
	Month = {November},
	Publisher = {Coombe Hill Publishing},
	Title = {How to Make a Noise: Frequency Modulation Synthesis},
	Year = {2011}}

@book{cannSampleSynthesis,
	Author = {Simon Cann},
	Date-Added = {2014-01-09 14:17:22 +0000},
	Date-Modified = {2014-01-09 14:19:24 +0000},
	Edition = {1},
	Month = {November},
	Publisher = {Coombe Hill Publishing},
	Title = {How to Make a Noise: Sample-Based Synthesis},
	Year = {2011}}

@book{cannAnalogSynthesis,
	Author = {Simon Cann},
	Date-Added = {2014-01-09 14:15:20 +0000},
	Date-Modified = {2014-01-09 14:21:35 +0000},
	Edition = {1},
	Month = {November},
	Publisher = {Coombe Hill Publishing},
	Title = {How to Make a Noise: Analog Synthesis},
	Year = {2011}}

@electronic{MDN,
	Date-Added = {2014-01-07 00:39:01 +0000},
	Date-Modified = {2014-03-20 14:31:33 +0000},
	Lastchecked = {01/07/2014},
	Title = {Web API Interfaces},
	Url = {https://developer.mozilla.org/en-US/docs/Web/JavaScript},
	Year = {2014},
	Bdsk-Url-1 = {https://developer.mozilla.org/en-US/docs/Web/API/Window.setInterval#Inactive_tabs}}

@inproceedings{flores2010patterns,
	Acmid = {1999607},
	Address = {Porto Alegre, Brazil, Brazil},
	Author = {Flores, Luciano V. and Pimenta, Marcelo S. and Miranda, Eduardo R. and Radanovitsck, Eduardo A. A. and Keller, Dami\'{a}n},
	Booktitle = {Proceedings of the IX Symposium on Human Factors in Computing Systems},
	Date-Added = {2013-10-28 10:34:43 +0000},
	Date-Modified = {2013-10-28 10:34:57 +0000},
	Keywords = {computer music, interaction design patterns, mobile devices, mobile interaction design, mobile music},
	Location = {Belo Horizonte, Minas Gerais, Brazil},
	Numpages = {8},
	Pages = {121--128},
	Publisher = {Brazilian Computer Society},
	Series = {IHC '10},
	Title = {Patterns for the design of musical interaction with everyday mobile devices},
	Url = {http://dl.acm.org/citation.cfm?id=1999593.1999607},
	Year = {2010},
	Bdsk-Url-1 = {http://dl.acm.org/citation.cfm?id=1999593.1999607}}

@article{arvola2006interaction,
	Acmid = {1357458},
	Address = {Inderscience Publishers, Geneva, SWITZERLAND},
	Author = {Arvola, Mattias},
	Date-Added = {2013-10-28 10:33:42 +0000},
	Date-Modified = {2013-10-28 10:34:03 +0000},
	Doi = {10.1504/IJCAT.2006.009063},
	Issn = {0952-8091},
	Issue_Date = {February 2006},
	Journal = {Int. J. Comput. Appl. Technol.},
	Keywords = {CSCW, HCI, collaborative systems, colocated collaboration, computer supported cooperative work, cooperative systems, design knowledge, design patterns, human computer interaction, information visibility, interaction design, multimedia platform, social computing, use quality},
	Month = feb,
	Number = {2/3},
	Numpages = {12},
	Pages = {128--139},
	Publisher = {Inderscience Publishers},
	Title = {Interaction design patterns for computers in sociable use},
	Url = {http://dx.doi.org/10.1504/IJCAT.2006.009063},
	Volume = {25},
	Year = {2006},
	Bdsk-Url-1 = {http://dx.doi.org/10.1504/IJCAT.2006.009063}}

@article{2001ICM,
	Acmid = {381658},
	Address = {New York, NY, USA},
	Date-Added = {2013-10-23 12:32:38 +0000},
	Date-Modified = {2013-10-23 12:33:04 +0000},
	Doi = {10.1145/381641.381658},
	Issn = {0001-0782},
	Issue_Date = {Aug. 2001},
	Journal = {Commun. ACM},
	Key = {{$\!\!$}},
	Month = aug,
	Number = {8},
	Numpages = {7},
	Pages = {62--68},
	Publisher = {ACM},
	Title = {The Internet is changing the music industry},
	Url = {http://doi.acm.org/10.1145/381641.381658},
	Volume = {44},
	Year = {2001},
	Bdsk-Url-1 = {http://doi.acm.org/10.1145/381641.381658},
	Bdsk-Url-2 = {http://dx.doi.org/10.1145/381641.381658}}

@inproceedings{bauer2013reactive,
	Acmid = {2468488},
	Address = {New York, NY, USA},
	Author = {Bauer, Christine and Waldner, Florian},
	Booktitle = {CHI '13 Extended Abstracts on Human Factors in Computing Systems},
	Date-Added = {2013-10-23 12:31:47 +0000},
	Date-Modified = {2013-10-23 12:31:58 +0000},
	Doi = {10.1145/2468356.2468488},
	Isbn = {978-1-4503-1952-2},
	Keywords = {context-adaptivity, human-computer interaction, music controllability, reactive music},
	Location = {Paris, France},
	Numpages = {6},
	Pages = {739--744},
	Publisher = {ACM},
	Series = {CHI EA '13},
	Title = {Reactive music: when user behavior affects sounds in real-time},
	Url = {http://doi.acm.org/10.1145/2468356.2468488},
	Year = {2013},
	Bdsk-Url-1 = {http://doi.acm.org/10.1145/2468356.2468488},
	Bdsk-Url-2 = {http://dx.doi.org/10.1145/2468356.2468488}}

@inproceedings{weightman2003people,
	Acmid = {782905},
	Address = {New York, NY, USA},
	Author = {Weightman, David and McDonagh, Deana},
	Booktitle = {Proceedings of the 2003 international conference on Designing pleasurable products and interfaces},
	Date-Added = {2013-10-23 12:30:54 +0000},
	Date-Modified = {2013-10-23 12:31:03 +0000},
	Doi = {10.1145/782896.782905},
	Isbn = {1-58113-652-8},
	Keywords = {customisation, democratisation of design, supra-functional needs, user participation},
	Location = {Pittsburgh, PA, USA},
	Numpages = {6},
	Pages = {34--39},
	Publisher = {ACM},
	Series = {DPPI '03},
	Title = {People are doing it for themselves},
	Url = {http://doi.acm.org/10.1145/782896.782905},
	Year = {2003},
	Bdsk-Url-1 = {http://doi.acm.org/10.1145/782896.782905},
	Bdsk-Url-2 = {http://dx.doi.org/10.1145/782896.782905}}

@inproceedings{settles2013letsgettogether,
	Acmid = {2466266},
	Address = {New York, NY, USA},
	Author = {Settles, Burr and Dow, Steven},
	Booktitle = {Proceedings of the SIGCHI Conference on Human Factors in Computing Systems},
	Date-Added = {2013-10-23 12:29:17 +0000},
	Date-Modified = {2013-10-23 12:29:27 +0000},
	Doi = {10.1145/2470654.2466266},
	Isbn = {978-1-4503-1899-0},
	Keywords = {collaboration, computer-supported cooperative work, music composition, online communities, social creativity},
	Location = {Paris, France},
	Numpages = {10},
	Pages = {2009--2018},
	Publisher = {ACM},
	Series = {CHI '13},
	Title = {Let's get together: the formation and success of online creative collaborations},
	Url = {http://doi.acm.org/10.1145/2470654.2466266},
	Year = {2013},
	Bdsk-Url-1 = {http://doi.acm.org/10.1145/2470654.2466266},
	Bdsk-Url-2 = {http://dx.doi.org/10.1145/2470654.2466266}}

@inproceedings{manocha2009interactive,
	Acmid = {1667254},
	Address = {New York, NY, USA},
	Articleno = {15},
	Author = {Manocha, Dinesh and Calamia, Paul and Lin, Ming C. and Manocha, Dinesh and Savioja, Lauri and Tsingos, Nicolas},
	Booktitle = {ACM SIGGRAPH 2009 Courses},
	Date-Added = {2013-10-23 12:28:42 +0000},
	Date-Modified = {2013-10-23 12:28:52 +0000},
	Doi = {10.1145/1667239.1667254},
	Location = {New Orleans, Louisiana},
	Numpages = {338},
	Pages = {15:1--15:338},
	Publisher = {ACM},
	Series = {SIGGRAPH '09},
	Title = {Interactive sound rendering},
	Url = {http://doi.acm.org/10.1145/1667239.1667254},
	Year = {2009},
	Bdsk-Url-1 = {http://doi.acm.org/10.1145/1667239.1667254},
	Bdsk-Url-2 = {http://dx.doi.org/10.1145/1667239.1667254}}

@inproceedings{hoadley2010form,
	Acmid = {2146380},
	Address = {Swinton, UK, UK},
	Author = {Hoadley, Richard},
	Booktitle = {Proceedings of the 24th BCS Interaction Specialist Group Conference},
	Date-Added = {2013-10-23 12:27:47 +0000},
	Date-Modified = {2013-10-23 12:27:56 +0000},
	Isbn = {978-1-78017-130-2},
	Keywords = {algorithm, dance, embodiment, interface, music},
	Location = {Dundee, United Kingdom},
	Numpages = {5},
	Pages = {479--483},
	Publisher = {British Computer Society},
	Series = {BCS '10},
	Title = {Form and function: examples of music interface design},
	Url = {http://dl.acm.org/citation.cfm?id=2146303.2146380},
	Year = {2010},
	Bdsk-Url-1 = {http://dl.acm.org/citation.cfm?id=2146303.2146380}}

@inproceedings{beaton2010digitaldrumming,
	Acmid = {1753538},
	Address = {New York, NY, USA},
	Author = {Beaton, Bobby and Harrison, Steve and Tatar, Deborah},
	Booktitle = {Proceedings of the SIGCHI Conference on Human Factors in Computing Systems},
	Date-Added = {2013-10-23 12:25:43 +0000},
	Date-Modified = {2013-10-23 12:25:55 +0000},
	Doi = {10.1145/1753326.1753538},
	Isbn = {978-1-60558-929-9},
	Keywords = {collaboration, computer agent, coordination, drumming, turn taking},
	Location = {Atlanta, Georgia, USA},
	Numpages = {10},
	Pages = {1417--1426},
	Publisher = {ACM},
	Series = {CHI '10},
	Title = {Digital drumming: a study of co-located, highly coordinated, dyadic collaboration},
	Url = {http://doi.acm.org/10.1145/1753326.1753538},
	Year = {2010},
	Bdsk-Url-1 = {http://doi.acm.org/10.1145/1753326.1753538},
	Bdsk-Url-2 = {http://dx.doi.org/10.1145/1753326.1753538}}

@article{bellini2002cooperative,
	Acmid = {568515},
	Address = {New York, NY, USA},
	Author = {Bellini, P. and Nesi, P. and Spinu, M. B.},
	Date-Added = {2013-10-23 12:24:37 +0000},
	Date-Modified = {2013-10-23 12:26:01 +0000},
	Doi = {10.1145/568513.568515},
	Issn = {1073-0516},
	Issue_Date = {September 2002},
	Journal = {ACM Trans. Comput.-Hum. Interact.},
	Keywords = {Collaboration of music notation editing, additional command list, collaborative systems, computer-supported cooperative work, consistency control, cooperative music, distributed music, electronic lectern, neutral version, selective undo, user interface management systems},
	Month = sep,
	Number = {3},
	Numpages = {44},
	Pages = {194--237},
	Publisher = {ACM},
	Title = {Cooperative visual manipulation of music notation},
	Url = {http://doi.acm.org/10.1145/568513.568515},
	Volume = {9},
	Year = {2002},
	Bdsk-Url-1 = {http://doi.acm.org/10.1145/568513.568515},
	Bdsk-Url-2 = {http://dx.doi.org/10.1145/568513.568515}}

@inproceedings{jung2000incorporating,
	Acmid = {502429},
	Address = {New York, NY, USA},
	Author = {Jung, Byungdae and Hwang, Jaein and Lee, Sangyoon and Kim, Gerard Jounghyun and Kim, Hyunbin},
	Booktitle = {Proceedings of the ACM symposium on Virtual reality software and technology},
	Date-Added = {2013-10-23 12:23:38 +0000},
	Date-Modified = {2013-10-23 12:23:51 +0000},
	Doi = {10.1145/502390.502429},
	Isbn = {1-58113-316-2},
	Keywords = {Co-presence, Distributed Virtual Reality, Interaction, Networked Virtual Reality, Virtual Music},
	Location = {Seoul, Korea},
	Numpages = {6},
	Pages = {206--211},
	Publisher = {ACM},
	Series = {VRST '00},
	Title = {Incorporating co-presence in distributed virtual music environment},
	Url = {http://doi.acm.org/10.1145/502390.502429},
	Year = {2000},
	Bdsk-Url-1 = {http://doi.acm.org/10.1145/502390.502429},
	Bdsk-Url-2 = {http://dx.doi.org/10.1145/502390.502429}}

@inproceedings{dworak1976aninput,
	Acmid = {803552},
	Address = {New York, NY, USA},
	Author = {Dworak, Paul E. and Parker, Alice C.},
	Booktitle = {Proceedings of the 3rd annual symposium on Computer architecture},
	Date-Added = {2013-10-23 12:22:37 +0000},
	Date-Modified = {2013-10-23 12:22:48 +0000},
	Doi = {10.1145/800110.803552},
	Numpages = {6},
	Pages = {68--73},
	Publisher = {ACM},
	Series = {ISCA '76},
	Title = {An input interface for a real-time digital sound generation system},
	Url = {http://doi.acm.org/10.1145/800110.803552},
	Year = {1976},
	Bdsk-Url-1 = {http://doi.acm.org/10.1145/800110.803552},
	Bdsk-Url-2 = {http://dx.doi.org/10.1145/800110.803552}}

@inproceedings{fels2013advances,
	Acmid = {2504446},
	Address = {New York, NY, USA},
	Articleno = {11},
	Author = {Fels, Sidney and Lyons, Michael},
	Booktitle = {ACM SIGGRAPH 2013 Courses},
	Date-Added = {2013-10-23 12:20:52 +0000},
	Date-Modified = {2013-10-23 12:21:07 +0000},
	Doi = {10.1145/2504435.2504446},
	Isbn = {978-1-4503-2339-0},
	Location = {Anaheim, California},
	Numpages = {155},
	Pages = {11:1--11:155},
	Publisher = {ACM},
	Series = {SIGGRAPH '13},
	Title = {Advances in new interfaces for musical expression},
	Url = {http://doi.acm.org/10.1145/2504435.2504446},
	Year = {2013},
	Bdsk-Url-1 = {http://doi.acm.org/10.1145/2504435.2504446},
	Bdsk-Url-2 = {http://dx.doi.org/10.1145/2504435.2504446}}

@inproceedings{khalifa2007evolutionary,
	Acmid = {1274020},
	Address = {New York, NY, USA},
	Author = {Khalifa, Yaser M. A. and Khan, Badar K. and Begovic, Jasmin and Wisdom, Airrion and Wheeler, Andrew Maxymillian},
	Booktitle = {Proceedings of the 2007 GECCO conference companion on Genetic and evolutionary computation},
	Date-Added = {2013-10-22 15:52:16 +0000},
	Date-Modified = {2013-10-22 15:52:43 +0000},
	Doi = {10.1145/1274000.1274020},
	Isbn = {978-1-59593-698-1},
	Keywords = {formal grammar, genetic algorithms, music},
	Location = {London, United Kingdom},
	Numpages = {8},
	Pages = {2519--2526},
	Publisher = {ACM},
	Series = {GECCO '07},
	Title = {Evolutionary music composer integrating formal grammar},
	Url = {http://doi.acm.org/10.1145/1274000.1274020},
	Year = {2007},
	Bdsk-Url-1 = {http://doi.acm.org/10.1145/1274000.1274020},
	Bdsk-Url-2 = {http://dx.doi.org/10.1145/1274000.1274020}}

@book{desain2000rhythm,
	Author = {Peter Desain},
	Date-Added = {2013-10-22 15:21:11 +0000},
	Date-Modified = {2013-10-22 15:21:25 +0000},
	Isbn = {9026516363},
	Publisher = {Routledge},
	Title = {Rhythm Perception and Production (Studies on New Music Research)},
	Url = {http://www.amazon.com/Rhythm-Perception-Production-Studies-Research/dp/9026516363%3FSubscriptionId%3D0JYN1NVW651KCA56C102%26tag%3Dtechkie-20%26linkCode%3Dxm2%26camp%3D2025%26creative%3D165953%26creativeASIN%3D9026516363},
	Year = {2000},
	Bdsk-Url-1 = {http://www.amazon.com/Rhythm-Perception-Production-Studies-Research/dp/9026516363%3FSubscriptionId%3D0JYN1NVW651KCA56C102%26tag%3Dtechkie-20%26linkCode%3Dxm2%26camp%3D2025%26creative%3D165953%26creativeASIN%3D9026516363}}

@book{0415679923,
	Date-Added = {2013-10-22 15:19:51 +0000},
	Date-Modified = {2013-10-22 15:20:23 +0000},
	Editor = {Belk, Russell W. and Llamas, Rosa},
	Isbn = {0415679923},
	Publisher = {Routledge},
	Title = {The Routledge Companion to Digital Consumption (Routledge Companions in Business, Management and Accounting)},
	Url = {http://www.amazon.com/Routledge-Consumption-Companions-Management-Accounting/dp/0415679923%3FSubscriptionId%3D0JYN1NVW651KCA56C102%26tag%3Dtechkie-20%26linkCode%3Dxm2%26camp%3D2025%26creative%3D165953%26creativeASIN%3D0415679923},
	Year = {2013},
	Bdsk-Url-1 = {http://www.amazon.com/Routledge-Consumption-Companions-Management-Accounting/dp/0415679923%3FSubscriptionId%3D0JYN1NVW651KCA56C102%26tag%3Dtechkie-20%26linkCode%3Dxm2%26camp%3D2025%26creative%3D165953%26creativeASIN%3D0415679923}}

@book{frith2012theart,
	Date-Added = {2013-10-22 15:17:06 +0000},
	Date-Modified = {2013-10-22 15:18:44 +0000},
	Editor = {Frith, Simon and Zagorski-Thomas, Simon},
	Isbn = {1409406784},
	Publisher = {Ashgate Pub Co},
	Title = {The Art of Record Production: An Introductory Reader for a New Academic Field (Ashgate Popular and Folk Music Series)},
	Url = {http://www.amazon.com/The-Art-Record-Production-Introductory/dp/1409406784%3FSubscriptionId%3D0JYN1NVW651KCA56C102%26tag%3Dtechkie-20%26linkCode%3Dxm2%26camp%3D2025%26creative%3D165953%26creativeASIN%3D1409406784},
	Year = {2012},
	Bdsk-Url-1 = {http://www.amazon.com/The-Art-Record-Production-Introductory/dp/1409406784%3FSubscriptionId%3D0JYN1NVW651KCA56C102%26tag%3Dtechkie-20%26linkCode%3Dxm2%26camp%3D2025%26creative%3D165953%26creativeASIN%3D1409406784}}

@phdthesis{hoffmann2009music,
	Author = {Peter Hoffmann},
	Date-Added = {2013-10-22 15:14:14 +0000},
	Date-Modified = {2013-10-22 15:14:41 +0000},
	School = {Technische Universit{\"a}t Berlin},
	Title = {Music Out of Nothing? A Rigorous Approach to Algorithmic Composition by Iannis Xenakis},
	Year = {2009}}

@book{tapscott2008wikinomics,
	Author = {Tapscott, Don and Williams, Anthony D.},
	Date-Added = {2013-10-21 12:26:33 +0000},
	Date-Modified = {2013-10-21 12:26:48 +0000},
	Isbn = {1591841933},
	Publisher = {Penguin Group},
	Title = {Wikinomics: How Mass Collaboration Changes Everything},
	Url = {http://www.amazon.com/Wikinomics-Mass-Collaboration-Changes-Everything/dp/1591841933%3FSubscriptionId%3D0JYN1NVW651KCA56C102%26tag%3Dtechkie-20%26linkCode%3Dxm2%26camp%3D2025%26creative%3D165953%26creativeASIN%3D1591841933},
	Year = {2008},
	Bdsk-Url-1 = {http://www.amazon.com/Wikinomics-Mass-Collaboration-Changes-Everything/dp/1591841933%3FSubscriptionId%3D0JYN1NVW651KCA56C102%26tag%3Dtechkie-20%26linkCode%3Dxm2%26camp%3D2025%26creative%3D165953%26creativeASIN%3D1591841933}}

@book{keen2008thecult,
	Address = {New York, NY, USA},
	Author = {Keen, Andrew},
	Date-Added = {2013-10-21 12:13:16 +0000},
	Date-Modified = {2013-10-21 12:13:56 +0000},
	Edition = {Reprint},
	Isbn = {0385520816, 9780385520812},
	Publisher = {Doubleday},
	Title = {The Cult of the Amateur: How blogs, MySpace, YouTube, and the rest of today's user-generated media are destroying our economy, our culture, and our values},
	Year = {2008}}

@book{byrnes1999signal,
	Author = {Byrnes, Jim},
	Date-Added = {2013-10-16 20:00:57 +0000},
	Date-Modified = {2013-10-16 20:01:16 +0000},
	Isbn = {9789051994605},
	Lccn = {99066211},
	Publisher = {IOS Press},
	Series = {NATO Science Series},
	Title = {Signal Processing for Multimedia},
	Year = {1999}}

@book{tel2000introduction,
	Author = {Tel, Gerard},
	Date-Added = {2013-10-16 19:56:59 +0000},
	Date-Modified = {2013-10-16 20:18:49 +0000},
	Edition = {2nd},
	Publisher = {Cambridge University Press},
	Title = {Introduction to Distributed Algorithms},
	Year = {2000}}

@book{colouris2005distributed,
	Author = {Coulouris, George and Dollimore, Jean and Kindberg, Tim},
	Date-Added = {2013-10-16 19:49:29 +0000},
	Date-Modified = {2013-10-16 20:18:42 +0000},
	Edition = {5th},
	Publisher = {Pearson Education Limited},
	Title = {Distributed Systems - Concepts and Design},
	Year = {2005}}

@book{steinmetz1995multimedia,
	Author = {Steinmetz, Ralf and Nahrstedt, Klara},
	Date-Added = {2013-10-16 19:44:17 +0000},
	Date-Modified = {2013-10-16 20:18:23 +0000},
	Publisher = {Wiley Online Library},
	Title = {Multimedia: computing, communications, and applications},
	Year = {1995}}
